@article{albert,
  title={Bayesian analysis of binary and polychotomous response data},
  author={Albert, James H and Chib, Siddhartha},
  journal={Journal of the American statistical Association},
  volume={88},
  number={422},
  pages={669--679},
  year={1993},
  publisher={Taylor \& Francis}
}

@online{boone,
  author = {{Boone and Crockett Club}},
  title = {Fair Chase Statement},
  year = 2014,
  url = {http://www.boone-crockett.org/huntingEthics/ethics_fairchase.asp?area=huntingEthics},
  urldate = {2014-12-08}
}

@article{boone2009,
  title={Using data augmentation via the Gibbs Sampler to incorporate missing covariate structure in linear models for ecological assessments},
  author={Boone, Edward L and Ye, Keying and Smith, Eric P},
  journal={Environmental and ecological statistics},
  volume={16},
  number={1},
  pages={75--87},
  year={2009},
  publisher={Springer}
}

@article{cox,
  title={Regression models and life tables (with discussion)},
  author={David Cox},
  journal={Journal of the Royal Statistical Society},
  volume={34},
  pages={187--220},
  year={1972}
}

@book{hunter,
  title={Carnivores of the World},
  author={Hunter, Luke and Barrett, Priscilla},
  year={2011},
  publisher={Princeton University Press Princeton}
}

@article{klein,
  title={Survival analysis: statistical methods for censored and truncated data},
  author={Klein, JP and Moeschberger, ML},
  journal={Springer-Verlag, New York, NY},
  year={2003}
}
@article{little,
  title={Statistical analysis with missing data},
  author={Little, Roderick JA and Rubin, Donald B},
  year={2002},
  publisher={Wiley}
}

@book{posewitz,
  title={Beyond fair chase: the ethic and tradition of hunting},
  author={Posewitz, Jim},
  year={1994},
  publisher={Globe Pequot}
}

@article{rubin1976,
  title={Inference and missing data},
  author={Rubin, Donald B},
  journal={Biometrika},
  volume={63},
  number={3},
  pages={581--592},
  year={1976},
  publisher={Biometrika Trust}
}

@article{rubin,
  title={Multiple imputation after 18+ years},
  author={Rubin, Donald B},
  journal={Journal of the American Statistical Association},
  volume={91},
  number={434},
  pages={473--489},
  year={1996},
  publisher={Taylor \& Francis}
}